@misc{wandb,
title = "Weights and Biases",
url   = "https://wandb.ai/site"
}